<?xml version="1.0" encoding="UTF-8"?><collection xmlns="http://www.loc.gov/MARC21/slim"><record><leader>00628nam--2200205-i-4500</leader><controlfield tag="001">000022017</controlfield><controlfield tag="002">20161230</controlfield><controlfield tag="005">20161230201034</controlfield><controlfield tag="008">060222s1000------------r-----000-0-fre-d</controlfield><datafield ind1=" " ind2=" " tag="040"><subfield code="a">IFIN-HH</subfield></datafield><datafield ind1=" " ind2=" " tag="041"><subfield code="a">fre</subfield></datafield><datafield ind1=" " ind2=" " tag="080"><subfield code="a">539.108</subfield></datafield><datafield ind1="1" ind2=" " tag="100"><subfield code="a">Yuan, Luke C.L</subfield></datafield><datafield ind1="1" ind2="0" tag="245"><subfield code="a">Ixmerenie harakteristik iadernih reaktii i pucekov ceastit</subfield><subfield code="c">Luke c.l. yuan, chien-shiung wu (eds.)</subfield></datafield><datafield ind1=" " ind2=" " tag="260"><subfield code="a">Moskva</subfield><subfield code="b">Mir</subfield><subfield code="c">1965</subfield></datafield><datafield ind1=" " ind2=" " tag="300"><subfield code="a">410P</subfield></datafield><datafield ind1=" " ind2=" " tag="500"><subfield code="a">Titlul Original In Limba Englea: Methods Of Experimental Physics Vol. Vb. Nuclea Physics</subfield></datafield><datafield ind1=" " ind2=" " tag="700"><subfield code="a">Wu, Chien-shiung</subfield><subfield code="e">Ed</subfield></datafield><datafield ind1=" " ind2=" " tag="852"><subfield code="a">23360</subfield><subfield code="c">539.17</subfield></datafield><datafield ind1=" " ind2=" " tag="CAT"><subfield code="a">Sys</subfield><subfield code="c">20120530</subfield><subfield code="h">153508</subfield></datafield></record></collection>